@article{kardan2013prediction,
  title={Prediction of student course selection in online higher education institutes using neural network},
  author={Kardan, Ahmad A and Sadeghi, Hamid and Ghidary, Saeed Shiry and Sani, Mohammad Reza Fani},
  journal={Computers \& Education},
  volume={65},
  pages={1--11},
  year={2013},
  publisher={Elsevier}
}

@article{kovacic2010early,
  title={Early prediction of student success: Mining students' enrolment data.},
  author={Kovacic, Zlatko},
  year={2010}
}

@article{balakrishnan2013predicting,
  title={Predicting student retention in massive open online courses using hidden markov models},
  author={Balakrishnan, Girish and Coetzee, Derrick},
  journal={Electrical Engineering and Computer Sciences University of California at Berkeley},
  year={2013}
}

@article{nandeshwar2009enrollment,
  title={Enrollment prediction models using data mining},
  author={Nandeshwar, Ashutosh and Chaudhari, Subodh},
  journal={Retrieved January},
  volume={10},
  pages={2010},
  year={2009}
}

@article{song1993new,
  title={New Models for Forecasting Enrollments: Fuzzy Time Series and Neural Network Approaches.},
  author={Song, Qiang and Chissom, Brad S},
  year={1993},
  publisher={ERIC}
}

@article{Gardner2018StudentSP,
  title={Student success prediction in MOOCs},
  author={Josh Gardner and Christopher Brooks},
  journal={User Modeling and User-Adapted Interaction},
  year={2018},
  volume={28},
  pages={127-203}
}

@inproceedings{gardner2018coenrollment,
  title={Coenrollment networks and their relationship to grades in undergraduate education},
  author={Gardner, Josh and Brooks, Christopher},
  booktitle={Proceedings of the 8th International Conference on Learning Analytics and Knowledge},
  pages={295--304},
  year={2018},
  organization={ACM}
}

@inproceedings{hlosta2017ouroboros,
  title={Ouroboros: early identification of at-risk students without models based on legacy data},
  author={Hlosta, Martin and Zdrahal, Zdenek and Zendulka, Jaroslav},
  booktitle={Proceedings of the Seventh International Learning Analytics \& Knowledge Conference},
  pages={6--15},
  year={2017},
  organization={ACM}
}



@inproceedings{Bydzovsk2016CourseER,
  title={Course Enrollment Recommender System},
  author={Hana Bydzovsk{\'a}},
  booktitle={EDM},
  year={2016}
}

@article{Jiang2018GoalbasedCR,
  title={Goal-based Course Recommendation},
  author={Weijie Jiang and Zachary A. Pardos and Qiang Wei},
  journal={CoRR},
  year={2018},
  volume={abs/1812.10078}
}
@article{Khorasani2016AMC,
  title={A Markov chain collaborative filtering model for course enrollment recommendations},
  author={Elham Sahebkar Khorasani and Zhao Zhenge and John Champaign},
  journal={2016 IEEE International Conference on Big Data (Big Data)},
  year={2016},
  pages={3484-3490}
}



@article{hamalainen2011classifiers,
  title={Classifiers for educational data mining},
  author={H{\"a}m{\"a}l{\"a}inen, Wilhelmiina and Vinni, Mikko},
  journal={Handbook of Educational Data Mining, Chapman \& Hall/CRC Data Mining and Knowledge Discovery Series},
  pages={57--71},
  year={2011}
}

@article{Pardos2018AMO,
  title={A Map of Knowledge},
  author={Zachary A. Pardos and Andrew Joo Hun Nam},
  journal={CoRR},
  year={2018},
  volume={abs/1811.07974}
}

@article{Slim2016TheIO,
  title={The Impact of Course Enrollment Sequences on Student Success},
  author={Ahmad Slim and Gregory L. Heileman and Wisam Al-Doroubi and Chaouki T. Abdallah},
  journal={2016 IEEE 30th International Conference on Advanced Information Networking and Applications (AINA)},
  year={2016},
  pages={59-65}
}

@article{AlShabandar2018TheAO,
  title={The Application of Gaussian Mixture Models for the Identification of At-Risk Learners in Massive Open Online Courses},
  author={Raghad Al-Shabandar and Abir Hussain and Robert Keight and Andy Laws and Thar Baker},
  journal={2018 IEEE Congress on Evolutionary Computation (CEC)},
  year={2018},
  pages={1-8}
}

@inproceedings{Zeidenberg2011TheCO,
  title={The Content of Their Coursework : Understanding Course-Taking Patterns at Community Colleges by Clustering Student Transcripts},
  author={Matthew Zeidenberg},
  year={2011}
}

@inproceedings{Motz2018FindingTI,
  title={Finding Topics in Enrollment Data},
  author={Benjamin Motz and Thomas A. Busey and Martin E. Rickert and David Landy},
  booktitle={EDM},
  year={2018}
}

@inproceedings{Wang2017AnalyzingCC,
  title={Analyzing cross-college course enrollments via contextual graph mining},
  author={Yongzhen Wang and Xiaozhong Liu and Yan Chen},
  booktitle={PloS one},
  year={2017}
}

@book{bailey2015redesigning,
  title={Redesigning America's community colleges},
  author={Bailey, Thomas R and Jaggars, Shanna Smith and Jenkins, Davis},
  year={2015},
  publisher={Harvard University Press}
}


@book{armstrong2013paying,
  title={Paying for the Party},
  author={Armstrong, Elizabeth A and Hamilton, Laura T},
  year={2013},
  publisher={Harvard University Press}
}


@Article{Baker2018,
author="Baker, Rachel",
title="Understanding College Students' Major Choices Using Social Network Analysis",
journal="Research in Higher Education",
year="2018",
month="Mar",
day="01",
volume="59",
number="2",
pages="198--225",
abstract="Concerns about the low completion rates in community colleges have led policy makers and administrators to examine interventions that aim to increase persistence and success by making colleges easier to navigate for students. One of the best supported and most well researched of the current reforms is guided pathways which aims to simplify student decision making. Meta majors, the grouping of all available majors into a handful of buckets, is an important components of these whole school reforms. In this paper I test an underlying assumption of this reform---that there are consistent groupings of majors that students would consider choosing---using tools from social network analysis. I draw on these consideration networks to examine how different groups of students cluster majors together; differences in how various groups of students group majors provides insight into how such interventions could increase efficiency or exacerbate inequality. These findings provide guidance for schools on what factors to consider when forming meta major groupings.",
issn="1573-188X",
doi="10.1007/s11162-017-9463-1",
url="https://doi.org/10.1007/s11162-017-9463-1"
}


@article{scott2011shapeless,
  title={The Shapeless River: Does a Lack of Structure Inhibit Students' Progress at Community Colleges? CCRC Working Paper No. 25. Assessment of Evidence Series.},
  author={Scott-Clayton, Judith},
  journal={Community College Research Center, Columbia University},
  year={2011},
  publisher={ERIC}
}

@article{blei2003latent,
  title={Latent dirichlet allocation},
  author={Blei, David M and Ng, Andrew Y and Jordan, Michael I},
  journal={Journal of machine Learning research},
  volume={3},
  number={Jan},
  pages={993--1022},
  year={2003}
}

@article{rabiner1989tutorial,
  title={A tutorial on hidden Markov models and selected applications in speech recognition},
  author={Rabiner, Lawrence R},
  journal={Proceedings of the IEEE},
  volume={77},
  number={2},
  pages={257--286},
  year={1989},
  publisher={Ieee}
}

@article{baum1966statistical,
  title={Statistical inference for probabilistic functions of finite state Markov chains},
  author={Baum, Leonard E and Petrie, Ted},
  journal={The annals of mathematical statistics},
  volume={37},
  number={6},
  pages={1554--1563},
  year={1966},
  publisher={JSTOR}
}

@article{dempster1977maximum,
  title={Maximum likelihood from incomplete data via the EM algorithm},
  author={Dempster, Arthur P and Laird, Nan M and Rubin, Donald B},
  journal={Journal of the Royal Statistical Society: Series B (Methodological)},
  volume={39},
  number={1},
  pages={1--22},
  year={1977},
  publisher={Wiley Online Library}
}

@incollection{bottou2010large,
  title={Large-scale machine learning with stochastic gradient descent},
  author={Bottou, L{\'e}on},
  booktitle={Proceedings of COMPSTAT'2010},
  pages={177--186},
  year={2010},
  publisher={Springer}
}

@article{zhao2017infovae,
  title={Infovae: Information maximizing variational autoencoders},
  author={Zhao, Shengjia and Song, Jiaming and Ermon, Stefano},
  journal={arXiv preprint arXiv:1706.02262},
  year={2017}
}

@article{corbett1994knowledge,
  title={Knowledge tracing: Modeling the acquisition of procedural knowledge},
  author={Corbett, Albert T and Anderson, John R},
  journal={User modeling and user-adapted interaction},
  volume={4},
  number={4},
  pages={253--278},
  year={1994},
  publisher={Springer}
}

@article{Seffrin2016ModellingSA,
  title={Modelling Students' Algebraic Knowledge with Dynamic Bayesian Networks},
  author={Henrique M. Seffrin and Ig Ibert Bittencourt and Seiji Isotani and Patr{\'i}cia Augustin Jaques},
  journal={2016 IEEE 16th International Conference on Advanced Learning Technologies (ICALT)},
  year={2016},
  pages={44-48}
}

@inproceedings{piech2015deep,
  title={Deep knowledge tracing},
  author={Piech, Chris and Bassen, Jonathan and Huang, Jonathan and Ganguli, Surya and Sahami, Mehran and Guibas, Leonidas J and Sohl-Dickstein, Jascha},
  booktitle={Advances in neural information processing systems},
  pages={505--513},
  year={2015}
}

@inproceedings{wang2017deep,
  title={Deep knowledge tracing on programming exercises},
  author={Wang, Lisa and Sy, Angela and Liu, Larry and Piech, Chris},
  booktitle={Proceedings of the Fourth (2017) ACM Conference on Learning@ Scale},
  pages={201--204},
  year={2017},
  organization={ACM}
}

@article{pardos2018connectionist,
  title={Connectionist Recommendation in the Wild},
  author={Pardos, Zachary A and Fan, Zihao and Jiang, Weijie},
  journal={arXiv preprint arXiv:1803.09535},
  year={2018}
}

@article{kingma2013auto,
  title={Auto-encoding variational bayes},
  author={Kingma, Diederik P and Welling, Max},
  journal={arXiv preprint arXiv:1312.6114},
  year={2013}
}

@article{friedman1997bayesian,
  title={Bayesian network classifiers},
  author={Friedman, Nir and Geiger, Dan and Goldszmidt, Moises},
  journal={Machine learning},
  volume={29},
  number={2-3},
  pages={131--163},
  year={1997},
  publisher={Springer}
}

@article{reynolds2015gaussian,
  title={Gaussian mixture models},
  author={Reynolds, Douglas},
  journal={Encyclopedia of biometrics},
  pages={827--832},
  year={2015},
  publisher={Springer}
}

@article{cremer2018inference,
  title={Inference suboptimality in variational autoencoders},
  author={Cremer, Chris and Li, Xuechen and Duvenaud, David},
  journal={arXiv preprint arXiv:1801.03558},
  year={2018}
}

@inproceedings{sutton2000policy,
  title={Policy gradient methods for reinforcement learning with function approximation},
  author={Sutton, Richard S and McAllester, David A and Singh, Satinder P and Mansour, Yishay},
  booktitle={Advances in neural information processing systems},
  pages={1057--1063},
  year={2000}
}